@book{folland2007,
	author = "Gerald B. Folland",
	title = "Real Analysis: Modern Techniques and Their Applications",
	year = "2007",
	isbn = "0-471-31716-0",
	publisher = "Wiley",
	pagetotal = "386",
	edition = "2"
}

@book{bauer2001,
	author = "Heinz Bauer",
	title = "Measure and Integration Theory",
	year = "2001",
	isbn = "3-11-016719-0",
	publisher = "de Gruyter",
	pagetotal = "230",
	edition = "1"
}

@book{schwartz1973,
	author = "Laurent Schwartz",
	title = "Radon Measures on Arbitrary Topological Spaces and Cylindrical Measures",
	year = "1973",
	publisher = "Oxford University Press",
	pagetotal = "393",
	edition = "1"
}

@misc{nlab:radon_measure,
  author = {{nLab authors}},
  title = {Radon measure},
  howpublished = {\url{http://ncatlab.org/nlab/show/Radon\%20measure}},
  note = {\href{http://ncatlab.org/nlab/revision/Radon\%20measure/12}{Revision 12}},
  month = nov,
  year = 2021
}